@article{lasso,
  title={Regression shrinkage and selection via the lasso},
  author={Tibshirani, Robert},
  journal={Journal of the Royal Statistical Society. Series B (Methodological)},
  pages={267--288},
  year={1996},
  publisher={JSTOR}
}
@article{randomized_lasso,
  title={Stability selection},
  author={Meinshausen, Nicolai and B{\"u}hlmann, Peter},
  journal={Journal of the Royal Statistical Society: Series B (Statistical Methodology)},
  volume={72},
  number={4},
  pages={417--473},
  year={2010},
  publisher={Wiley Online Library}
}
@article{rfe,
  title={Gene selection for cancer classification using support vector machines},
  author={Guyon, Isabelle and Weston, Jason and Barnhill, Stephen and Vapnik, Vladimir},
  journal={Machine learning},
  volume={46},
  number={1-3},
  pages={389--422},
  year={2002},
  publisher={Springer}
}
@article{random_forest,
  title={Random forests},
  author={Breiman, Leo},
  journal={Machine learning},
  volume={45},
  number={1},
  pages={5--32},
  year={2001},
  publisher={Springer}
}
@article{rang_aggr,
  title={Weighted rank aggregation of cluster validation measures: a monte carlo cross-entropy approach},
  author={Pihur, Vasyl and Datta, Susmita and Datta, Somnath},
  journal={Bioinformatics},
  volume={23},
  number={13},
  pages={1607--1615},
  year={2007},
  publisher={Oxford Univ Press}
}



